%YAML 1.1
%TAG !u! tag:unity3d.com,2011:
--- !u!64 &4426422732195257707
MeshCollider:
  m_ObjectHideFlags: 0
  m_CorrespondingSourceObject: {fileID: 0}
  m_PrefabInstance: {fileID: 0}
  m_PrefabAsset: {fileID: 0}
  m_GameObject: {fileID: 6312790720718442144}
  m_Material: {fileID: 0}
  m_IsTrigger: 1
  m_Enabled: 1
  serializedVersion: 3
  m_Convex: 1
  m_CookingOptions: 14
  m_Mesh: {fileID: 4300004, guid: 6b2445d4821cde34ea3891e77c5f45c7, type: 3}
--- !u!114 &6312790720718442145
MonoBehaviour:
  m_ObjectHideFlags: 0
  m_CorrespondingSourceObject: {fileID: 0}
  m_PrefabInstance: {fileID: 0}
  m_PrefabAsset: {fileID: 0}
  m_GameObject: {fileID: 6312790720718442144}
  m_Enabled: 1
  m_EditorHideFlags: 0
  m_Script: {fileID: 11500000, guid: 40ba6087d1eed394a8267528cec31edc, type: 3}
  m_Name: 
  m_EditorClassIdentifier: 
--- !u!23 &4223810623008249693
MeshRenderer:
  m_ObjectHideFlags: 0
  m_CorrespondingSourceObject: {fileID: 0}
  m_PrefabInstance: {fileID: 0}
  m_PrefabAsset: {fileID: 0}
  m_GameObject: {fileID: 6312790720718442146}
  m_Enabled: 1
  m_CastShadows: 1
  m_ReceiveShadows: 1
  m_DynamicOccludee: 1
  m_MotionVectors: 1
  m_LightProbeUsage: 1
  m_ReflectionProbeUsage: 1
  m_RenderingLayerMask: 1
  m_RendererPriority: 0
  m_Materials:
  - {fileID: 0}
  m_StaticBatchInfo:
    firstSubMesh: 0
    subMeshCount: 0
  m_StaticBatchRoot: {fileID: 0}
  m_ProbeAnchor: {fileID: 0}
  m_LightProbeVolumeOverride: {fileID: 0}
  m_ScaleInLightmap: 1
  m_PreserveUVs: 0
  m_IgnoreNormalsForChartDetection: 0
  m_ImportantGI: 0
  m_StitchLightmapSeams: 0
  m_SelectedEditorRenderState: 3
  m_MinimumChartSize: 4
  m_AutoUVMaxDistance: 0.5
  m_AutoUVMaxAngle: 89
  m_LightmapParameters: {fileID: 0}
  m_SortingLayerID: 0
  m_SortingLayer: 0
  m_SortingOrder: 0
--- !u!64 &3209152987103424500
MeshCollider:
  m_ObjectHideFlags: 0
  m_CorrespondingSourceObject: {fileID: 0}
  m_PrefabInstance: {fileID: 0}
  m_PrefabAsset: {fileID: 0}
  m_GameObject: {fileID: 6312790720718442148}
  m_Material: {fileID: 0}
  m_IsTrigger: 0
  m_Enabled: 1
  serializedVersion: 3
  m_Convex: 0
  m_CookingOptions: 14
  m_Mesh: {fileID: 4300014, guid: 6b2445d4821cde34ea3891e77c5f45c7, type: 3}
--- !u!64 &2450528411212376934
MeshCollider:
  m_ObjectHideFlags: 0
  m_CorrespondingSourceObject: {fileID: 0}
  m_PrefabInstance: {fileID: 0}
  m_PrefabAsset: {fileID: 0}
  m_GameObject: {fileID: 6312790720718442150}
  m_Material: {fileID: 0}
  m_IsTrigger: 0
  m_Enabled: 1
  serializedVersion: 3
  m_Convex: 0
  m_CookingOptions: 14
  m_Mesh: {fileID: 4300010, guid: 6b2445d4821cde34ea3891e77c5f45c7, type: 3}
--- !u!64 &4662126059085890957
MeshCollider:
  m_ObjectHideFlags: 0
  m_CorrespondingSourceObject: {fileID: 0}
  m_PrefabInstance: {fileID: 0}
  m_PrefabAsset: {fileID: 0}
  m_GameObject: {fileID: 6312790720718442154}
  m_Material: {fileID: 0}
  m_IsTrigger: 0
  m_Enabled: 1
  serializedVersion: 3
  m_Convex: 0
  m_CookingOptions: 14
  m_Mesh: {fileID: 4300012, guid: 6b2445d4821cde34ea3891e77c5f45c7, type: 3}
--- !u!114 &4223810623008249695
MonoBehaviour:
  m_ObjectHideFlags: 0
  m_CorrespondingSourceObject: {fileID: 0}
  m_PrefabInstance: {fileID: 0}
  m_PrefabAsset: {fileID: 0}
  m_GameObject: {fileID: 6312790720718442160}
  m_Enabled: 1
  m_EditorHideFlags: 0
  m_Script: {fileID: 11500000, guid: 8cf7f0e7a77ce0e43862edb011a9e257, type: 3}
  m_Name: 
  m_EditorClassIdentifier: 
  _trackData: {fileID: 11400000, guid: 3de76cc8f11e7894c81a661dcd389c2d, type: 2}
--- !u!1001 &6312790720718538752
PrefabInstance:
  m_ObjectHideFlags: 0
  serializedVersion: 2
  m_Modification:
    m_TransformParent: {fileID: 0}
    m_Modifications:
    - target: {fileID: 100016, guid: 6b2445d4821cde34ea3891e77c5f45c7, type: 3}
      propertyPath: m_Name
      value: trackPiece_X0Y22.5Z0 Variant
      objectReference: {fileID: 0}
    - target: {fileID: 100000, guid: 6b2445d4821cde34ea3891e77c5f45c7, type: 3}
      propertyPath: m_Layer
      value: 11
      objectReference: {fileID: 0}
    - target: {fileID: 100002, guid: 6b2445d4821cde34ea3891e77c5f45c7, type: 3}
      propertyPath: m_TagString
      value: EndPoint
      objectReference: {fileID: 0}
    - target: {fileID: 100004, guid: 6b2445d4821cde34ea3891e77c5f45c7, type: 3}
      propertyPath: m_Layer
      value: 9
      objectReference: {fileID: 0}
    - target: {fileID: 100006, guid: 6b2445d4821cde34ea3891e77c5f45c7, type: 3}
      propertyPath: m_Layer
      value: 10
      objectReference: {fileID: 0}
    - target: {fileID: 100008, guid: 6b2445d4821cde34ea3891e77c5f45c7, type: 3}
      propertyPath: m_Layer
      value: 14
      objectReference: {fileID: 0}
    - target: {fileID: 100010, guid: 6b2445d4821cde34ea3891e77c5f45c7, type: 3}
      propertyPath: m_Layer
      value: 10
      objectReference: {fileID: 0}
    - target: {fileID: 100012, guid: 6b2445d4821cde34ea3891e77c5f45c7, type: 3}
      propertyPath: m_Layer
      value: 14
      objectReference: {fileID: 0}
    - target: {fileID: 100014, guid: 6b2445d4821cde34ea3891e77c5f45c7, type: 3}
      propertyPath: m_TagString
      value: StartPoint
      objectReference: {fileID: 0}
    - target: {fileID: 400016, guid: 6b2445d4821cde34ea3891e77c5f45c7, type: 3}
      propertyPath: m_LocalPosition.x
      value: 0
      objectReference: {fileID: 0}
    - target: {fileID: 400016, guid: 6b2445d4821cde34ea3891e77c5f45c7, type: 3}
      propertyPath: m_LocalPosition.y
      value: 0
      objectReference: {fileID: 0}
    - target: {fileID: 400016, guid: 6b2445d4821cde34ea3891e77c5f45c7, type: 3}
      propertyPath: m_LocalPosition.z
      value: 0
      objectReference: {fileID: 0}
    - target: {fileID: 400016, guid: 6b2445d4821cde34ea3891e77c5f45c7, type: 3}
      propertyPath: m_LocalRotation.x
      value: -0
      objectReference: {fileID: 0}
    - target: {fileID: 400016, guid: 6b2445d4821cde34ea3891e77c5f45c7, type: 3}
      propertyPath: m_LocalRotation.y
      value: -0
      objectReference: {fileID: 0}
    - target: {fileID: 400016, guid: 6b2445d4821cde34ea3891e77c5f45c7, type: 3}
      propertyPath: m_LocalRotation.z
      value: -0
      objectReference: {fileID: 0}
    - target: {fileID: 400016, guid: 6b2445d4821cde34ea3891e77c5f45c7, type: 3}
      propertyPath: m_LocalRotation.w
      value: 1
      objectReference: {fileID: 0}
    - target: {fileID: 400016, guid: 6b2445d4821cde34ea3891e77c5f45c7, type: 3}
      propertyPath: m_RootOrder
      value: 0
      objectReference: {fileID: 0}
    - target: {fileID: 400016, guid: 6b2445d4821cde34ea3891e77c5f45c7, type: 3}
      propertyPath: m_LocalEulerAnglesHint.x
      value: 0
      objectReference: {fileID: 0}
    - target: {fileID: 400016, guid: 6b2445d4821cde34ea3891e77c5f45c7, type: 3}
      propertyPath: m_LocalEulerAnglesHint.y
      value: 0
      objectReference: {fileID: 0}
    - target: {fileID: 400016, guid: 6b2445d4821cde34ea3891e77c5f45c7, type: 3}
      propertyPath: m_LocalEulerAnglesHint.z
      value: 0
      objectReference: {fileID: 0}
    - target: {fileID: 2300004, guid: 6b2445d4821cde34ea3891e77c5f45c7, type: 3}
      propertyPath: m_CastShadows
      value: 0
      objectReference: {fileID: 0}
    - target: {fileID: 2300004, guid: 6b2445d4821cde34ea3891e77c5f45c7, type: 3}
      propertyPath: m_ReceiveShadows
      value: 0
      objectReference: {fileID: 0}
    - target: {fileID: 2300004, guid: 6b2445d4821cde34ea3891e77c5f45c7, type: 3}
      propertyPath: m_DynamicOccludee
      value: 0
      objectReference: {fileID: 0}
    - target: {fileID: 2300004, guid: 6b2445d4821cde34ea3891e77c5f45c7, type: 3}
      propertyPath: m_MotionVectors
      value: 2
      objectReference: {fileID: 0}
    - target: {fileID: 2300004, guid: 6b2445d4821cde34ea3891e77c5f45c7, type: 3}
      propertyPath: m_LightProbeUsage
      value: 0
      objectReference: {fileID: 0}
    - target: {fileID: 2300004, guid: 6b2445d4821cde34ea3891e77c5f45c7, type: 3}
      propertyPath: m_ReflectionProbeUsage
      value: 0
      objectReference: {fileID: 0}
    - target: {fileID: 2300004, guid: 6b2445d4821cde34ea3891e77c5f45c7, type: 3}
      propertyPath: m_Materials.Array.data[0]
      value: 
      objectReference: {fileID: 2100000, guid: 976981742d674624cbd6d77fafaaa3e3, type: 2}
    - target: {fileID: 2300008, guid: 6b2445d4821cde34ea3891e77c5f45c7, type: 3}
      propertyPath: m_CastShadows
      value: 0
      objectReference: {fileID: 0}
    - target: {fileID: 2300008, guid: 6b2445d4821cde34ea3891e77c5f45c7, type: 3}
      propertyPath: m_Materials.Array.data[0]
      value: 
      objectReference: {fileID: 2100000, guid: 54a8972246d87e74c91dc90d723792ba, type: 2}
    - target: {fileID: 2300012, guid: 6b2445d4821cde34ea3891e77c5f45c7, type: 3}
      propertyPath: m_CastShadows
      value: 0
      objectReference: {fileID: 0}
    - target: {fileID: 2300012, guid: 6b2445d4821cde34ea3891e77c5f45c7, type: 3}
      propertyPath: m_Materials.Array.data[0]
      value: 
      objectReference: {fileID: 2100000, guid: d7337b11fdc28b845bf59e492e5d61c0, type: 2}
    m_RemovedComponents:
    - {fileID: 2300010, guid: 6b2445d4821cde34ea3891e77c5f45c7, type: 3}
    - {fileID: 2300006, guid: 6b2445d4821cde34ea3891e77c5f45c7, type: 3}
    - {fileID: 2300000, guid: 6b2445d4821cde34ea3891e77c5f45c7, type: 3}
  m_SourcePrefab: {fileID: 100100000, guid: 6b2445d4821cde34ea3891e77c5f45c7, type: 3}
--- !u!1 &6312790720718442160 stripped
GameObject:
  m_CorrespondingSourceObject: {fileID: 100016, guid: 6b2445d4821cde34ea3891e77c5f45c7,
    type: 3}
  m_PrefabInstance: {fileID: 6312790720718538752}
  m_PrefabAsset: {fileID: 0}
--- !u!1 &6312790720718442144 stripped
GameObject:
  m_CorrespondingSourceObject: {fileID: 100000, guid: 6b2445d4821cde34ea3891e77c5f45c7,
    type: 3}
  m_PrefabInstance: {fileID: 6312790720718538752}
  m_PrefabAsset: {fileID: 0}
--- !u!1 &6312790720718442146 stripped
GameObject:
  m_CorrespondingSourceObject: {fileID: 100002, guid: 6b2445d4821cde34ea3891e77c5f45c7,
    type: 3}
  m_PrefabInstance: {fileID: 6312790720718538752}
  m_PrefabAsset: {fileID: 0}
--- !u!1 &6312790720718442148 stripped
GameObject:
  m_CorrespondingSourceObject: {fileID: 100004, guid: 6b2445d4821cde34ea3891e77c5f45c7,
    type: 3}
  m_PrefabInstance: {fileID: 6312790720718538752}
  m_PrefabAsset: {fileID: 0}
--- !u!1 &6312790720718442150 stripped
GameObject:
  m_CorrespondingSourceObject: {fileID: 100006, guid: 6b2445d4821cde34ea3891e77c5f45c7,
    type: 3}
  m_PrefabInstance: {fileID: 6312790720718538752}
  m_PrefabAsset: {fileID: 0}
--- !u!1 &6312790720718442154 stripped
GameObject:
  m_CorrespondingSourceObject: {fileID: 100010, guid: 6b2445d4821cde34ea3891e77c5f45c7,
    type: 3}
  m_PrefabInstance: {fileID: 6312790720718538752}
  m_PrefabAsset: {fileID: 0}
