%YAML 1.1
%TAG !u! tag:unity3d.com,2011:
--- !u!29 &1
OcclusionCullingSettings:
  m_ObjectHideFlags: 0
  serializedVersion: 2
  m_OcclusionBakeSettings:
    smallestOccluder: 5
    smallestHole: 0.25
    backfaceThreshold: 100
  m_SceneGUID: 00000000000000000000000000000000
  m_OcclusionCullingData: {fileID: 0}
--- !u!104 &2
RenderSettings:
  m_ObjectHideFlags: 0
  serializedVersion: 9
  m_Fog: 0
  m_FogColor: {r: 0.5, g: 0.5, b: 0.5, a: 1}
  m_FogMode: 3
  m_FogDensity: 0.01
  m_LinearFogStart: 0
  m_LinearFogEnd: 300
  m_AmbientSkyColor: {r: 0.212, g: 0.227, b: 0.259, a: 1}
  m_AmbientEquatorColor: {r: 0.114, g: 0.125, b: 0.133, a: 1}
  m_AmbientGroundColor: {r: 0.047, g: 0.043, b: 0.035, a: 1}
  m_AmbientIntensity: 1
  m_AmbientMode: 0
  m_SubtractiveShadowColor: {r: 0.42, g: 0.478, b: 0.627, a: 1}
  m_SkyboxMaterial: {fileID: 10304, guid: 0000000000000000f000000000000000, type: 0}
  m_HaloStrength: 0.5
  m_FlareStrength: 1
  m_FlareFadeSpeed: 3
  m_HaloTexture: {fileID: 0}
  m_SpotCookie: {fileID: 10001, guid: 0000000000000000e000000000000000, type: 0}
  m_DefaultReflectionMode: 0
  m_DefaultReflectionResolution: 128
  m_ReflectionBounces: 1
  m_ReflectionIntensity: 1
  m_CustomReflection: {fileID: 0}
  m_Sun: {fileID: 0}
  m_IndirectSpecularColor: {r: 0.18028378, g: 0.22571412, b: 0.30692285, a: 1}
  m_UseRadianceAmbientProbe: 0
--- !u!157 &3
LightmapSettings:
  m_ObjectHideFlags: 0
  serializedVersion: 11
  m_GIWorkflowMode: 0
  m_GISettings:
    serializedVersion: 2
    m_BounceScale: 1
    m_IndirectOutputScale: 1
    m_AlbedoBoost: 1
    m_EnvironmentLightingMode: 0
    m_EnableBakedLightmaps: 1
    m_EnableRealtimeLightmaps: 1
  m_LightmapEditorSettings:
    serializedVersion: 10
    m_Resolution: 2
    m_BakeResolution: 40
    m_AtlasSize: 1024
    m_AO: 0
    m_AOMaxDistance: 1
    m_CompAOExponent: 1
    m_CompAOExponentDirect: 0
    m_Padding: 2
    m_LightmapParameters: {fileID: 0}
    m_LightmapsBakeMode: 1
    m_TextureCompression: 1
    m_FinalGather: 0
    m_FinalGatherFiltering: 1
    m_FinalGatherRayCount: 256
    m_ReflectionCompression: 2
    m_MixedBakeMode: 2
    m_BakeBackend: 1
    m_PVRSampling: 1
    m_PVRDirectSampleCount: 32
    m_PVRSampleCount: 500
    m_PVRBounces: 2
    m_PVRFilterTypeDirect: 0
    m_PVRFilterTypeIndirect: 0
    m_PVRFilterTypeAO: 0
    m_PVRFilteringMode: 1
    m_PVRCulling: 1
    m_PVRFilteringGaussRadiusDirect: 1
    m_PVRFilteringGaussRadiusIndirect: 5
    m_PVRFilteringGaussRadiusAO: 2
    m_PVRFilteringAtrousPositionSigmaDirect: 0.5
    m_PVRFilteringAtrousPositionSigmaIndirect: 2
    m_PVRFilteringAtrousPositionSigmaAO: 1
    m_ShowResolutionOverlay: 1
  m_LightingDataAsset: {fileID: 0}
  m_UseShadowmask: 1
--- !u!196 &4
NavMeshSettings:
  serializedVersion: 2
  m_ObjectHideFlags: 0
  m_BuildSettings:
    serializedVersion: 2
    agentTypeID: 0
    agentRadius: 0.5
    agentHeight: 2
    agentSlope: 45
    agentClimb: 0.4
    ledgeDropHeight: 0
    maxJumpAcrossDistance: 0
    minRegionArea: 2
    manualCellSize: 0
    cellSize: 0.16666667
    manualTileSize: 0
    tileSize: 256
    accuratePlacement: 0
    debug:
      m_Flags: 0
  m_NavMeshData: {fileID: 0}
--- !u!1 &89524672
GameObject:
  m_ObjectHideFlags: 0
  m_CorrespondingSourceObject: {fileID: 0}
  m_PrefabInstance: {fileID: 0}
  m_PrefabAsset: {fileID: 0}
  serializedVersion: 6
  m_Component:
  - component: {fileID: 89524675}
  - component: {fileID: 89524674}
  - component: {fileID: 89524673}
  m_Layer: 0
  m_Name: Main Camera
  m_TagString: MainCamera
  m_Icon: {fileID: 0}
  m_NavMeshLayer: 0
  m_StaticEditorFlags: 0
  m_IsActive: 1
--- !u!81 &89524673
AudioListener:
  m_ObjectHideFlags: 0
  m_CorrespondingSourceObject: {fileID: 0}
  m_PrefabInstance: {fileID: 0}
  m_PrefabAsset: {fileID: 0}
  m_GameObject: {fileID: 89524672}
  m_Enabled: 1
--- !u!20 &89524674
Camera:
  m_ObjectHideFlags: 0
  m_CorrespondingSourceObject: {fileID: 0}
  m_PrefabInstance: {fileID: 0}
  m_PrefabAsset: {fileID: 0}
  m_GameObject: {fileID: 89524672}
  m_Enabled: 1
  serializedVersion: 2
  m_ClearFlags: 1
  m_BackGroundColor: {r: 0.19215687, g: 0.3019608, b: 0.4745098, a: 0}
  m_projectionMatrixMode: 1
  m_SensorSize: {x: 36, y: 24}
  m_LensShift: {x: 0, y: 0}
  m_GateFitMode: 2
  m_FocalLength: 50
  m_NormalizedViewPortRect:
    serializedVersion: 2
    x: 0
    y: 0
    width: 1
    height: 1
  near clip plane: 0.3
  far clip plane: 1000
  field of view: 60
  orthographic: 0
  orthographic size: 5
  m_Depth: -1
  m_CullingMask:
    serializedVersion: 2
    m_Bits: 4294967295
  m_RenderingPath: -1
  m_TargetTexture: {fileID: 0}
  m_TargetDisplay: 0
  m_TargetEye: 3
  m_HDR: 1
  m_AllowMSAA: 1
  m_AllowDynamicResolution: 0
  m_ForceIntoRT: 0
  m_OcclusionCulling: 1
  m_StereoConvergence: 10
  m_StereoSeparation: 0.022
--- !u!4 &89524675
Transform:
  m_ObjectHideFlags: 0
  m_CorrespondingSourceObject: {fileID: 0}
  m_PrefabInstance: {fileID: 0}
  m_PrefabAsset: {fileID: 0}
  m_GameObject: {fileID: 89524672}
  m_LocalRotation: {x: 0, y: 0, z: 0, w: 1}
  m_LocalPosition: {x: 0, y: 1, z: -10}
  m_LocalScale: {x: 1, y: 1, z: 1}
  m_Children: []
  m_Father: {fileID: 0}
  m_RootOrder: 0
  m_LocalEulerAnglesHint: {x: 0, y: 0, z: 0}
--- !u!1 &1867201257
GameObject:
  m_ObjectHideFlags: 0
  m_CorrespondingSourceObject: {fileID: 0}
  m_PrefabInstance: {fileID: 0}
  m_PrefabAsset: {fileID: 0}
  serializedVersion: 6
  m_Component:
  - component: {fileID: 1867201259}
  - component: {fileID: 1867201258}
  m_Layer: 0
  m_Name: Directional Light
  m_TagString: Untagged
  m_Icon: {fileID: 0}
  m_NavMeshLayer: 0
  m_StaticEditorFlags: 0
  m_IsActive: 1
--- !u!108 &1867201258
Light:
  m_ObjectHideFlags: 0
  m_CorrespondingSourceObject: {fileID: 0}
  m_PrefabInstance: {fileID: 0}
  m_PrefabAsset: {fileID: 0}
  m_GameObject: {fileID: 1867201257}
  m_Enabled: 1
  serializedVersion: 8
  m_Type: 1
  m_Color: {r: 1, g: 0.95686275, b: 0.8392157, a: 1}
  m_Intensity: 1
  m_Range: 10
  m_SpotAngle: 30
  m_CookieSize: 10
  m_Shadows:
    m_Type: 2
    m_Resolution: -1
    m_CustomResolution: -1
    m_Strength: 1
    m_Bias: 0.05
    m_NormalBias: 0.4
    m_NearPlane: 0.2
  m_Cookie: {fileID: 0}
  m_DrawHalo: 0
  m_Flare: {fileID: 0}
  m_RenderMode: 0
  m_CullingMask:
    serializedVersion: 2
    m_Bits: 4294967295
  m_Lightmapping: 4
  m_LightShadowCasterMode: 0
  m_AreaSize: {x: 1, y: 1}
  m_BounceIntensity: 1
  m_ColorTemperature: 6570
  m_UseColorTemperature: 0
  m_ShadowRadius: 0
  m_ShadowAngle: 0
--- !u!4 &1867201259
Transform:
  m_ObjectHideFlags: 0
  m_CorrespondingSourceObject: {fileID: 0}
  m_PrefabInstance: {fileID: 0}
  m_PrefabAsset: {fileID: 0}
  m_GameObject: {fileID: 1867201257}
  m_LocalRotation: {x: 0.40821788, y: -0.23456968, z: 0.10938163, w: 0.8754261}
  m_LocalPosition: {x: 0, y: 3, z: 0}
  m_LocalScale: {x: 1, y: 1, z: 1}
  m_Children: []
  m_Father: {fileID: 0}
  m_RootOrder: 1
  m_LocalEulerAnglesHint: {x: 50, y: -30, z: 0}
--- !u!1001 &146167482305820789
PrefabInstance:
  m_ObjectHideFlags: 0
  serializedVersion: 2
  m_Modification:
    m_TransformParent: {fileID: 1192830001410363384}
    m_Modifications:
    - target: {fileID: 574306867748944518, guid: a211bc7f9d6a41e488137882920d9796,
        type: 3}
      propertyPath: m_Name
      value: trackPiece_X45Y0Z0 Variant
      objectReference: {fileID: 0}
    - target: {fileID: 574306867748644518, guid: a211bc7f9d6a41e488137882920d9796,
        type: 3}
      propertyPath: m_LocalPosition.x
      value: 0
      objectReference: {fileID: 0}
    - target: {fileID: 574306867748644518, guid: a211bc7f9d6a41e488137882920d9796,
        type: 3}
      propertyPath: m_LocalPosition.y
      value: 0
      objectReference: {fileID: 0}
    - target: {fileID: 574306867748644518, guid: a211bc7f9d6a41e488137882920d9796,
        type: 3}
      propertyPath: m_LocalPosition.z
      value: 0
      objectReference: {fileID: 0}
    - target: {fileID: 574306867748644518, guid: a211bc7f9d6a41e488137882920d9796,
        type: 3}
      propertyPath: m_LocalRotation.x
      value: -0
      objectReference: {fileID: 0}
    - target: {fileID: 574306867748644518, guid: a211bc7f9d6a41e488137882920d9796,
        type: 3}
      propertyPath: m_LocalRotation.y
      value: -0
      objectReference: {fileID: 0}
    - target: {fileID: 574306867748644518, guid: a211bc7f9d6a41e488137882920d9796,
        type: 3}
      propertyPath: m_LocalRotation.z
      value: -0
      objectReference: {fileID: 0}
    - target: {fileID: 574306867748644518, guid: a211bc7f9d6a41e488137882920d9796,
        type: 3}
      propertyPath: m_LocalRotation.w
      value: 1
      objectReference: {fileID: 0}
    - target: {fileID: 574306867748644518, guid: a211bc7f9d6a41e488137882920d9796,
        type: 3}
      propertyPath: m_RootOrder
      value: 18
      objectReference: {fileID: 0}
    - target: {fileID: 574306867748644518, guid: a211bc7f9d6a41e488137882920d9796,
        type: 3}
      propertyPath: m_LocalEulerAnglesHint.x
      value: 0
      objectReference: {fileID: 0}
    - target: {fileID: 574306867748644518, guid: a211bc7f9d6a41e488137882920d9796,
        type: 3}
      propertyPath: m_LocalEulerAnglesHint.y
      value: 0
      objectReference: {fileID: 0}
    - target: {fileID: 574306867748644518, guid: a211bc7f9d6a41e488137882920d9796,
        type: 3}
      propertyPath: m_LocalEulerAnglesHint.z
      value: 0
      objectReference: {fileID: 0}
    m_RemovedComponents: []
  m_SourcePrefab: {fileID: 100100000, guid: a211bc7f9d6a41e488137882920d9796, type: 3}
--- !u!4 &146167482305820790 stripped
Transform:
  m_CorrespondingSourceObject: {fileID: 574306867748644518, guid: a211bc7f9d6a41e488137882920d9796,
    type: 3}
  m_PrefabInstance: {fileID: 146167482305820789}
  m_PrefabAsset: {fileID: 0}
--- !u!1001 &824573558743622462
PrefabInstance:
  m_ObjectHideFlags: 0
  serializedVersion: 2
  m_Modification:
    m_TransformParent: {fileID: 1192830001410363384}
    m_Modifications:
    - target: {fileID: 7665455499631503675, guid: 23ccdb5c5fe2f494292784eb25fc36ce,
        type: 3}
      propertyPath: m_Name
      value: trackPiece_X0Y0Z180 Variant
      objectReference: {fileID: 0}
    - target: {fileID: 7665455499631801627, guid: 23ccdb5c5fe2f494292784eb25fc36ce,
        type: 3}
      propertyPath: m_LocalPosition.x
      value: 0
      objectReference: {fileID: 0}
    - target: {fileID: 7665455499631801627, guid: 23ccdb5c5fe2f494292784eb25fc36ce,
        type: 3}
      propertyPath: m_LocalPosition.y
      value: 0
      objectReference: {fileID: 0}
    - target: {fileID: 7665455499631801627, guid: 23ccdb5c5fe2f494292784eb25fc36ce,
        type: 3}
      propertyPath: m_LocalPosition.z
      value: 0
      objectReference: {fileID: 0}
    - target: {fileID: 7665455499631801627, guid: 23ccdb5c5fe2f494292784eb25fc36ce,
        type: 3}
      propertyPath: m_LocalRotation.x
      value: -0
      objectReference: {fileID: 0}
    - target: {fileID: 7665455499631801627, guid: 23ccdb5c5fe2f494292784eb25fc36ce,
        type: 3}
      propertyPath: m_LocalRotation.y
      value: -0
      objectReference: {fileID: 0}
    - target: {fileID: 7665455499631801627, guid: 23ccdb5c5fe2f494292784eb25fc36ce,
        type: 3}
      propertyPath: m_LocalRotation.z
      value: -0
      objectReference: {fileID: 0}
    - target: {fileID: 7665455499631801627, guid: 23ccdb5c5fe2f494292784eb25fc36ce,
        type: 3}
      propertyPath: m_LocalRotation.w
      value: 1
      objectReference: {fileID: 0}
    - target: {fileID: 7665455499631801627, guid: 23ccdb5c5fe2f494292784eb25fc36ce,
        type: 3}
      propertyPath: m_RootOrder
      value: 13
      objectReference: {fileID: 0}
    - target: {fileID: 7665455499631801627, guid: 23ccdb5c5fe2f494292784eb25fc36ce,
        type: 3}
      propertyPath: m_LocalEulerAnglesHint.x
      value: 0
      objectReference: {fileID: 0}
    - target: {fileID: 7665455499631801627, guid: 23ccdb5c5fe2f494292784eb25fc36ce,
        type: 3}
      propertyPath: m_LocalEulerAnglesHint.y
      value: 0
      objectReference: {fileID: 0}
    - target: {fileID: 7665455499631801627, guid: 23ccdb5c5fe2f494292784eb25fc36ce,
        type: 3}
      propertyPath: m_LocalEulerAnglesHint.z
      value: 0
      objectReference: {fileID: 0}
    m_RemovedComponents: []
  m_SourcePrefab: {fileID: 100100000, guid: 23ccdb5c5fe2f494292784eb25fc36ce, type: 3}
--- !u!4 &824573558743622463 stripped
Transform:
  m_CorrespondingSourceObject: {fileID: 7665455499631801627, guid: 23ccdb5c5fe2f494292784eb25fc36ce,
    type: 3}
  m_PrefabInstance: {fileID: 824573558743622462}
  m_PrefabAsset: {fileID: 0}
--- !u!1001 &954913660260696896
PrefabInstance:
  m_ObjectHideFlags: 0
  serializedVersion: 2
  m_Modification:
    m_TransformParent: {fileID: 1192830001410363384}
    m_Modifications:
    - target: {fileID: 7712438851850932261, guid: e16694782689117418f409a138b566eb,
        type: 3}
      propertyPath: m_Name
      value: trackPiece_X0Y-22.5Z0 Variant
      objectReference: {fileID: 0}
    - target: {fileID: 7712438851850505221, guid: e16694782689117418f409a138b566eb,
        type: 3}
      propertyPath: m_LocalPosition.x
      value: 0
      objectReference: {fileID: 0}
    - target: {fileID: 7712438851850505221, guid: e16694782689117418f409a138b566eb,
        type: 3}
      propertyPath: m_LocalPosition.y
      value: 0
      objectReference: {fileID: 0}
    - target: {fileID: 7712438851850505221, guid: e16694782689117418f409a138b566eb,
        type: 3}
      propertyPath: m_LocalPosition.z
      value: 0
      objectReference: {fileID: 0}
    - target: {fileID: 7712438851850505221, guid: e16694782689117418f409a138b566eb,
        type: 3}
      propertyPath: m_LocalRotation.x
      value: -0
      objectReference: {fileID: 0}
    - target: {fileID: 7712438851850505221, guid: e16694782689117418f409a138b566eb,
        type: 3}
      propertyPath: m_LocalRotation.y
      value: -0
      objectReference: {fileID: 0}
    - target: {fileID: 7712438851850505221, guid: e16694782689117418f409a138b566eb,
        type: 3}
      propertyPath: m_LocalRotation.z
      value: -0
      objectReference: {fileID: 0}
    - target: {fileID: 7712438851850505221, guid: e16694782689117418f409a138b566eb,
        type: 3}
      propertyPath: m_LocalRotation.w
      value: 1
      objectReference: {fileID: 0}
    - target: {fileID: 7712438851850505221, guid: e16694782689117418f409a138b566eb,
        type: 3}
      propertyPath: m_RootOrder
      value: 2
      objectReference: {fileID: 0}
    - target: {fileID: 7712438851850505221, guid: e16694782689117418f409a138b566eb,
        type: 3}
      propertyPath: m_LocalEulerAnglesHint.x
      value: 0
      objectReference: {fileID: 0}
    - target: {fileID: 7712438851850505221, guid: e16694782689117418f409a138b566eb,
        type: 3}
      propertyPath: m_LocalEulerAnglesHint.y
      value: 0
      objectReference: {fileID: 0}
    - target: {fileID: 7712438851850505221, guid: e16694782689117418f409a138b566eb,
        type: 3}
      propertyPath: m_LocalEulerAnglesHint.z
      value: 0
      objectReference: {fileID: 0}
    m_RemovedComponents: []
  m_SourcePrefab: {fileID: 100100000, guid: e16694782689117418f409a138b566eb, type: 3}
--- !u!4 &954913660260696897 stripped
Transform:
  m_CorrespondingSourceObject: {fileID: 7712438851850505221, guid: e16694782689117418f409a138b566eb,
    type: 3}
  m_PrefabInstance: {fileID: 954913660260696896}
  m_PrefabAsset: {fileID: 0}
--- !u!1001 &1192829999787601315
PrefabInstance:
  m_ObjectHideFlags: 0
  serializedVersion: 2
  m_Modification:
    m_TransformParent: {fileID: 1192830001410363384}
    m_Modifications:
    - target: {fileID: 4283291263433608580, guid: 4f1687701f9995246860e935d58de74b,
        type: 3}
      propertyPath: m_Name
      value: trackPiece_X-22.5Y0Z0 Variant
      objectReference: {fileID: 0}
    - target: {fileID: 4283291263433249188, guid: 4f1687701f9995246860e935d58de74b,
        type: 3}
      propertyPath: m_LocalPosition.x
      value: 0
      objectReference: {fileID: 0}
    - target: {fileID: 4283291263433249188, guid: 4f1687701f9995246860e935d58de74b,
        type: 3}
      propertyPath: m_LocalPosition.y
      value: 0
      objectReference: {fileID: 0}
    - target: {fileID: 4283291263433249188, guid: 4f1687701f9995246860e935d58de74b,
        type: 3}
      propertyPath: m_LocalPosition.z
      value: 0
      objectReference: {fileID: 0}
    - target: {fileID: 4283291263433249188, guid: 4f1687701f9995246860e935d58de74b,
        type: 3}
      propertyPath: m_LocalRotation.x
      value: -0
      objectReference: {fileID: 0}
    - target: {fileID: 4283291263433249188, guid: 4f1687701f9995246860e935d58de74b,
        type: 3}
      propertyPath: m_LocalRotation.y
      value: -0
      objectReference: {fileID: 0}
    - target: {fileID: 4283291263433249188, guid: 4f1687701f9995246860e935d58de74b,
        type: 3}
      propertyPath: m_LocalRotation.z
      value: -0
      objectReference: {fileID: 0}
    - target: {fileID: 4283291263433249188, guid: 4f1687701f9995246860e935d58de74b,
        type: 3}
      propertyPath: m_LocalRotation.w
      value: 1
      objectReference: {fileID: 0}
    - target: {fileID: 4283291263433249188, guid: 4f1687701f9995246860e935d58de74b,
        type: 3}
      propertyPath: m_RootOrder
      value: 20
      objectReference: {fileID: 0}
    - target: {fileID: 4283291263433249188, guid: 4f1687701f9995246860e935d58de74b,
        type: 3}
      propertyPath: m_LocalEulerAnglesHint.x
      value: 0
      objectReference: {fileID: 0}
    - target: {fileID: 4283291263433249188, guid: 4f1687701f9995246860e935d58de74b,
        type: 3}
      propertyPath: m_LocalEulerAnglesHint.y
      value: 0
      objectReference: {fileID: 0}
    - target: {fileID: 4283291263433249188, guid: 4f1687701f9995246860e935d58de74b,
        type: 3}
      propertyPath: m_LocalEulerAnglesHint.z
      value: 0
      objectReference: {fileID: 0}
    m_RemovedComponents: []
  m_SourcePrefab: {fileID: 100100000, guid: 4f1687701f9995246860e935d58de74b, type: 3}
--- !u!4 &1192829999787601316 stripped
Transform:
  m_CorrespondingSourceObject: {fileID: 4283291263433249188, guid: 4f1687701f9995246860e935d58de74b,
    type: 3}
  m_PrefabInstance: {fileID: 1192829999787601315}
  m_PrefabAsset: {fileID: 0}
--- !u!4 &1192830001410363384
Transform:
  m_ObjectHideFlags: 0
  m_CorrespondingSourceObject: {fileID: 0}
  m_PrefabInstance: {fileID: 0}
  m_PrefabAsset: {fileID: 0}
  m_GameObject: {fileID: 1192830001410363387}
  m_LocalRotation: {x: 0, y: 0, z: 0, w: 1}
  m_LocalPosition: {x: 0, y: 0, z: 0}
  m_LocalScale: {x: 1, y: 1, z: 1}
  m_Children:
  - {fileID: 5215843456049505710}
  - {fileID: 6481373864341279135}
  - {fileID: 954913660260696897}
  - {fileID: 1301547457615104316}
  - {fileID: 5313338942808916359}
  - {fileID: 5067107280635205596}
  - {fileID: 4312767449060109691}
  - {fileID: 2236327461121532178}
  - {fileID: 5046510785013678829}
  - {fileID: 4970413145006072351}
  - {fileID: 4161733749717170430}
  - {fileID: 4028755206293587438}
  - {fileID: 8354755974456553416}
  - {fileID: 824573558743622463}
  - {fileID: 3030981866831548746}
  - {fileID: 6489158378508985150}
  - {fileID: 6645293120484192285}
  - {fileID: 7125162180166654921}
  - {fileID: 146167482305820790}
  - {fileID: 6749579512796006688}
  - {fileID: 1192829999787601316}
  m_Father: {fileID: 0}
  m_RootOrder: 2
  m_LocalEulerAnglesHint: {x: 0, y: 0, z: 0}
--- !u!1 &1192830001410363387
GameObject:
  m_ObjectHideFlags: 0
  m_CorrespondingSourceObject: {fileID: 0}
  m_PrefabInstance: {fileID: 0}
  m_PrefabAsset: {fileID: 0}
  serializedVersion: 6
  m_Component:
  - component: {fileID: 1192830001410363384}
  m_Layer: 0
  m_Name: TrackPrefabs
  m_TagString: Untagged
  m_Icon: {fileID: 0}
  m_NavMeshLayer: 0
  m_StaticEditorFlags: 0
  m_IsActive: 1
--- !u!1001 &1301547457615104315
PrefabInstance:
  m_ObjectHideFlags: 0
  serializedVersion: 2
  m_Modification:
    m_TransformParent: {fileID: 1192830001410363384}
    m_Modifications:
    - target: {fileID: 7271437598090052007, guid: 358a29a3bb947c54a954124db8a3443d,
        type: 3}
      propertyPath: m_Name
      value: trackPiece_X0Y-45Z0 Variant
      objectReference: {fileID: 0}
    - target: {fileID: 7271437598090091911, guid: 358a29a3bb947c54a954124db8a3443d,
        type: 3}
      propertyPath: m_LocalPosition.x
      value: 0
      objectReference: {fileID: 0}
    - target: {fileID: 7271437598090091911, guid: 358a29a3bb947c54a954124db8a3443d,
        type: 3}
      propertyPath: m_LocalPosition.y
      value: 0
      objectReference: {fileID: 0}
    - target: {fileID: 7271437598090091911, guid: 358a29a3bb947c54a954124db8a3443d,
        type: 3}
      propertyPath: m_LocalPosition.z
      value: 0
      objectReference: {fileID: 0}
    - target: {fileID: 7271437598090091911, guid: 358a29a3bb947c54a954124db8a3443d,
        type: 3}
      propertyPath: m_LocalRotation.x
      value: -0
      objectReference: {fileID: 0}
    - target: {fileID: 7271437598090091911, guid: 358a29a3bb947c54a954124db8a3443d,
        type: 3}
      propertyPath: m_LocalRotation.y
      value: -0
      objectReference: {fileID: 0}
    - target: {fileID: 7271437598090091911, guid: 358a29a3bb947c54a954124db8a3443d,
        type: 3}
      propertyPath: m_LocalRotation.z
      value: -0
      objectReference: {fileID: 0}
    - target: {fileID: 7271437598090091911, guid: 358a29a3bb947c54a954124db8a3443d,
        type: 3}
      propertyPath: m_LocalRotation.w
      value: 1
      objectReference: {fileID: 0}
    - target: {fileID: 7271437598090091911, guid: 358a29a3bb947c54a954124db8a3443d,
        type: 3}
      propertyPath: m_RootOrder
      value: 3
      objectReference: {fileID: 0}
    - target: {fileID: 7271437598090091911, guid: 358a29a3bb947c54a954124db8a3443d,
        type: 3}
      propertyPath: m_LocalEulerAnglesHint.x
      value: 0
      objectReference: {fileID: 0}
    - target: {fileID: 7271437598090091911, guid: 358a29a3bb947c54a954124db8a3443d,
        type: 3}
      propertyPath: m_LocalEulerAnglesHint.y
      value: 0
      objectReference: {fileID: 0}
    - target: {fileID: 7271437598090091911, guid: 358a29a3bb947c54a954124db8a3443d,
        type: 3}
      propertyPath: m_LocalEulerAnglesHint.z
      value: 0
      objectReference: {fileID: 0}
    m_RemovedComponents: []
  m_SourcePrefab: {fileID: 100100000, guid: 358a29a3bb947c54a954124db8a3443d, type: 3}
--- !u!4 &1301547457615104316 stripped
Transform:
  m_CorrespondingSourceObject: {fileID: 7271437598090091911, guid: 358a29a3bb947c54a954124db8a3443d,
    type: 3}
  m_PrefabInstance: {fileID: 1301547457615104315}
  m_PrefabAsset: {fileID: 0}
--- !u!1001 &2236327461121532177
PrefabInstance:
  m_ObjectHideFlags: 0
  serializedVersion: 2
  m_Modification:
    m_TransformParent: {fileID: 1192830001410363384}
    m_Modifications:
    - target: {fileID: 5486318178611223339, guid: 3676c519ddba0c0429261ec861c94e2f,
        type: 3}
      propertyPath: m_Name
      value: trackPiece_X0Y0Z-180 Variant
      objectReference: {fileID: 0}
    - target: {fileID: 5486318178611250955, guid: 3676c519ddba0c0429261ec861c94e2f,
        type: 3}
      propertyPath: m_LocalPosition.x
      value: 0
      objectReference: {fileID: 0}
    - target: {fileID: 5486318178611250955, guid: 3676c519ddba0c0429261ec861c94e2f,
        type: 3}
      propertyPath: m_LocalPosition.y
      value: 0
      objectReference: {fileID: 0}
    - target: {fileID: 5486318178611250955, guid: 3676c519ddba0c0429261ec861c94e2f,
        type: 3}
      propertyPath: m_LocalPosition.z
      value: 0
      objectReference: {fileID: 0}
    - target: {fileID: 5486318178611250955, guid: 3676c519ddba0c0429261ec861c94e2f,
        type: 3}
      propertyPath: m_LocalRotation.x
      value: -0
      objectReference: {fileID: 0}
    - target: {fileID: 5486318178611250955, guid: 3676c519ddba0c0429261ec861c94e2f,
        type: 3}
      propertyPath: m_LocalRotation.y
      value: -0
      objectReference: {fileID: 0}
    - target: {fileID: 5486318178611250955, guid: 3676c519ddba0c0429261ec861c94e2f,
        type: 3}
      propertyPath: m_LocalRotation.z
      value: -0
      objectReference: {fileID: 0}
    - target: {fileID: 5486318178611250955, guid: 3676c519ddba0c0429261ec861c94e2f,
        type: 3}
      propertyPath: m_LocalRotation.w
      value: 1
      objectReference: {fileID: 0}
    - target: {fileID: 5486318178611250955, guid: 3676c519ddba0c0429261ec861c94e2f,
        type: 3}
      propertyPath: m_RootOrder
      value: 7
      objectReference: {fileID: 0}
    - target: {fileID: 5486318178611250955, guid: 3676c519ddba0c0429261ec861c94e2f,
        type: 3}
      propertyPath: m_LocalEulerAnglesHint.x
      value: 0
      objectReference: {fileID: 0}
    - target: {fileID: 5486318178611250955, guid: 3676c519ddba0c0429261ec861c94e2f,
        type: 3}
      propertyPath: m_LocalEulerAnglesHint.y
      value: 0
      objectReference: {fileID: 0}
    - target: {fileID: 5486318178611250955, guid: 3676c519ddba0c0429261ec861c94e2f,
        type: 3}
      propertyPath: m_LocalEulerAnglesHint.z
      value: 0
      objectReference: {fileID: 0}
    m_RemovedComponents: []
  m_SourcePrefab: {fileID: 100100000, guid: 3676c519ddba0c0429261ec861c94e2f, type: 3}
--- !u!4 &2236327461121532178 stripped
Transform:
  m_CorrespondingSourceObject: {fileID: 5486318178611250955, guid: 3676c519ddba0c0429261ec861c94e2f,
    type: 3}
  m_PrefabInstance: {fileID: 2236327461121532177}
  m_PrefabAsset: {fileID: 0}
--- !u!1001 &3030981866831548745
PrefabInstance:
  m_ObjectHideFlags: 0
  serializedVersion: 2
  m_Modification:
    m_TransformParent: {fileID: 1192830001410363384}
    m_Modifications:
    - target: {fileID: 6312790720718442160, guid: 389eaba5b3b034440ae3947acfcc834c,
        type: 3}
      propertyPath: m_Name
      value: trackPiece_X0Y22.5Z0 Variant
      objectReference: {fileID: 0}
    - target: {fileID: 6312790720718148240, guid: 389eaba5b3b034440ae3947acfcc834c,
        type: 3}
      propertyPath: m_LocalPosition.x
      value: 0
      objectReference: {fileID: 0}
    - target: {fileID: 6312790720718148240, guid: 389eaba5b3b034440ae3947acfcc834c,
        type: 3}
      propertyPath: m_LocalPosition.y
      value: 0
      objectReference: {fileID: 0}
    - target: {fileID: 6312790720718148240, guid: 389eaba5b3b034440ae3947acfcc834c,
        type: 3}
      propertyPath: m_LocalPosition.z
      value: 0
      objectReference: {fileID: 0}
    - target: {fileID: 6312790720718148240, guid: 389eaba5b3b034440ae3947acfcc834c,
        type: 3}
      propertyPath: m_LocalRotation.x
      value: -0
      objectReference: {fileID: 0}
    - target: {fileID: 6312790720718148240, guid: 389eaba5b3b034440ae3947acfcc834c,
        type: 3}
      propertyPath: m_LocalRotation.y
      value: -0
      objectReference: {fileID: 0}
    - target: {fileID: 6312790720718148240, guid: 389eaba5b3b034440ae3947acfcc834c,
        type: 3}
      propertyPath: m_LocalRotation.z
      value: -0
      objectReference: {fileID: 0}
    - target: {fileID: 6312790720718148240, guid: 389eaba5b3b034440ae3947acfcc834c,
        type: 3}
      propertyPath: m_LocalRotation.w
      value: 1
      objectReference: {fileID: 0}
    - target: {fileID: 6312790720718148240, guid: 389eaba5b3b034440ae3947acfcc834c,
        type: 3}
      propertyPath: m_RootOrder
      value: 14
      objectReference: {fileID: 0}
    - target: {fileID: 6312790720718148240, guid: 389eaba5b3b034440ae3947acfcc834c,
        type: 3}
      propertyPath: m_LocalEulerAnglesHint.x
      value: 0
      objectReference: {fileID: 0}
    - target: {fileID: 6312790720718148240, guid: 389eaba5b3b034440ae3947acfcc834c,
        type: 3}
      propertyPath: m_LocalEulerAnglesHint.y
      value: 0
      objectReference: {fileID: 0}
    - target: {fileID: 6312790720718148240, guid: 389eaba5b3b034440ae3947acfcc834c,
        type: 3}
      propertyPath: m_LocalEulerAnglesHint.z
      value: 0
      objectReference: {fileID: 0}
    m_RemovedComponents: []
  m_SourcePrefab: {fileID: 100100000, guid: 389eaba5b3b034440ae3947acfcc834c, type: 3}
--- !u!4 &3030981866831548746 stripped
Transform:
  m_CorrespondingSourceObject: {fileID: 6312790720718148240, guid: 389eaba5b3b034440ae3947acfcc834c,
    type: 3}
  m_PrefabInstance: {fileID: 3030981866831548745}
  m_PrefabAsset: {fileID: 0}
--- !u!1001 &4028755206293587437
PrefabInstance:
  m_ObjectHideFlags: 0
  serializedVersion: 2
  m_Modification:
    m_TransformParent: {fileID: 1192830001410363384}
    m_Modifications:
    - target: {fileID: 3908254989551955697, guid: b4c6d7b82a16c864fb57d081f03b51f4,
        type: 3}
      propertyPath: m_Name
      value: trackPiece_X0Y0Z45 Variant
      objectReference: {fileID: 0}
    - target: {fileID: 3908254989551923921, guid: b4c6d7b82a16c864fb57d081f03b51f4,
        type: 3}
      propertyPath: m_LocalPosition.x
      value: 0
      objectReference: {fileID: 0}
    - target: {fileID: 3908254989551923921, guid: b4c6d7b82a16c864fb57d081f03b51f4,
        type: 3}
      propertyPath: m_LocalPosition.y
      value: 0
      objectReference: {fileID: 0}
    - target: {fileID: 3908254989551923921, guid: b4c6d7b82a16c864fb57d081f03b51f4,
        type: 3}
      propertyPath: m_LocalPosition.z
      value: 0
      objectReference: {fileID: 0}
    - target: {fileID: 3908254989551923921, guid: b4c6d7b82a16c864fb57d081f03b51f4,
        type: 3}
      propertyPath: m_LocalRotation.x
      value: -0
      objectReference: {fileID: 0}
    - target: {fileID: 3908254989551923921, guid: b4c6d7b82a16c864fb57d081f03b51f4,
        type: 3}
      propertyPath: m_LocalRotation.y
      value: -0
      objectReference: {fileID: 0}
    - target: {fileID: 3908254989551923921, guid: b4c6d7b82a16c864fb57d081f03b51f4,
        type: 3}
      propertyPath: m_LocalRotation.z
      value: -0
      objectReference: {fileID: 0}
    - target: {fileID: 3908254989551923921, guid: b4c6d7b82a16c864fb57d081f03b51f4,
        type: 3}
      propertyPath: m_LocalRotation.w
      value: 1
      objectReference: {fileID: 0}
    - target: {fileID: 3908254989551923921, guid: b4c6d7b82a16c864fb57d081f03b51f4,
        type: 3}
      propertyPath: m_RootOrder
      value: 11
      objectReference: {fileID: 0}
    - target: {fileID: 3908254989551923921, guid: b4c6d7b82a16c864fb57d081f03b51f4,
        type: 3}
      propertyPath: m_LocalEulerAnglesHint.x
      value: 0
      objectReference: {fileID: 0}
    - target: {fileID: 3908254989551923921, guid: b4c6d7b82a16c864fb57d081f03b51f4,
        type: 3}
      propertyPath: m_LocalEulerAnglesHint.y
      value: 0
      objectReference: {fileID: 0}
    - target: {fileID: 3908254989551923921, guid: b4c6d7b82a16c864fb57d081f03b51f4,
        type: 3}
      propertyPath: m_LocalEulerAnglesHint.z
      value: 0
      objectReference: {fileID: 0}
    m_RemovedComponents: []
  m_SourcePrefab: {fileID: 100100000, guid: b4c6d7b82a16c864fb57d081f03b51f4, type: 3}
--- !u!4 &4028755206293587438 stripped
Transform:
  m_CorrespondingSourceObject: {fileID: 3908254989551923921, guid: b4c6d7b82a16c864fb57d081f03b51f4,
    type: 3}
  m_PrefabInstance: {fileID: 4028755206293587437}
  m_PrefabAsset: {fileID: 0}
--- !u!1001 &4161733749717170429
PrefabInstance:
  m_ObjectHideFlags: 0
  serializedVersion: 2
  m_Modification:
    m_TransformParent: {fileID: 1192830001410363384}
    m_Modifications:
    - target: {fileID: 294286513037971591, guid: da7a5d0c5f8157649acead476972b3f0,
        type: 3}
      propertyPath: m_Name
      value: trackPiece_X0Y0Z0 start
      objectReference: {fileID: 0}
    - target: {fileID: 294286513038331047, guid: da7a5d0c5f8157649acead476972b3f0,
        type: 3}
      propertyPath: m_LocalPosition.x
      value: 0
      objectReference: {fileID: 0}
    - target: {fileID: 294286513038331047, guid: da7a5d0c5f8157649acead476972b3f0,
        type: 3}
      propertyPath: m_LocalPosition.y
      value: 0
      objectReference: {fileID: 0}
    - target: {fileID: 294286513038331047, guid: da7a5d0c5f8157649acead476972b3f0,
        type: 3}
      propertyPath: m_LocalPosition.z
      value: 0
      objectReference: {fileID: 0}
    - target: {fileID: 294286513038331047, guid: da7a5d0c5f8157649acead476972b3f0,
        type: 3}
      propertyPath: m_LocalRotation.x
      value: -0
      objectReference: {fileID: 0}
    - target: {fileID: 294286513038331047, guid: da7a5d0c5f8157649acead476972b3f0,
        type: 3}
      propertyPath: m_LocalRotation.y
      value: -0
      objectReference: {fileID: 0}
    - target: {fileID: 294286513038331047, guid: da7a5d0c5f8157649acead476972b3f0,
        type: 3}
      propertyPath: m_LocalRotation.z
      value: -0
      objectReference: {fileID: 0}
    - target: {fileID: 294286513038331047, guid: da7a5d0c5f8157649acead476972b3f0,
        type: 3}
      propertyPath: m_LocalRotation.w
      value: 1
      objectReference: {fileID: 0}
    - target: {fileID: 294286513038331047, guid: da7a5d0c5f8157649acead476972b3f0,
        type: 3}
      propertyPath: m_RootOrder
      value: 10
      objectReference: {fileID: 0}
    - target: {fileID: 294286513038331047, guid: da7a5d0c5f8157649acead476972b3f0,
        type: 3}
      propertyPath: m_LocalEulerAnglesHint.x
      value: 0
      objectReference: {fileID: 0}
    - target: {fileID: 294286513038331047, guid: da7a5d0c5f8157649acead476972b3f0,
        type: 3}
      propertyPath: m_LocalEulerAnglesHint.y
      value: 0
      objectReference: {fileID: 0}
    - target: {fileID: 294286513038331047, guid: da7a5d0c5f8157649acead476972b3f0,
        type: 3}
      propertyPath: m_LocalEulerAnglesHint.z
      value: 0
      objectReference: {fileID: 0}
    m_RemovedComponents: []
  m_SourcePrefab: {fileID: 100100000, guid: da7a5d0c5f8157649acead476972b3f0, type: 3}
--- !u!4 &4161733749717170430 stripped
Transform:
  m_CorrespondingSourceObject: {fileID: 294286513038331047, guid: da7a5d0c5f8157649acead476972b3f0,
    type: 3}
  m_PrefabInstance: {fileID: 4161733749717170429}
  m_PrefabAsset: {fileID: 0}
--- !u!1001 &4312767449060109690
PrefabInstance:
  m_ObjectHideFlags: 0
  serializedVersion: 2
  m_Modification:
    m_TransformParent: {fileID: 1192830001410363384}
    m_Modifications:
    - target: {fileID: 6736600120670319059, guid: 7535b8225e47871448ee6776becb2052,
        type: 3}
      propertyPath: m_Name
      value: trackPiece_X0Y0Z-90 Variant
      objectReference: {fileID: 0}
    - target: {fileID: 6736600120670809587, guid: 7535b8225e47871448ee6776becb2052,
        type: 3}
      propertyPath: m_LocalPosition.x
      value: 0
      objectReference: {fileID: 0}
    - target: {fileID: 6736600120670809587, guid: 7535b8225e47871448ee6776becb2052,
        type: 3}
      propertyPath: m_LocalPosition.y
      value: 0
      objectReference: {fileID: 0}
    - target: {fileID: 6736600120670809587, guid: 7535b8225e47871448ee6776becb2052,
        type: 3}
      propertyPath: m_LocalPosition.z
      value: 0
      objectReference: {fileID: 0}
    - target: {fileID: 6736600120670809587, guid: 7535b8225e47871448ee6776becb2052,
        type: 3}
      propertyPath: m_LocalRotation.x
      value: -0
      objectReference: {fileID: 0}
    - target: {fileID: 6736600120670809587, guid: 7535b8225e47871448ee6776becb2052,
        type: 3}
      propertyPath: m_LocalRotation.y
      value: -0
      objectReference: {fileID: 0}
    - target: {fileID: 6736600120670809587, guid: 7535b8225e47871448ee6776becb2052,
        type: 3}
      propertyPath: m_LocalRotation.z
      value: -0
      objectReference: {fileID: 0}
    - target: {fileID: 6736600120670809587, guid: 7535b8225e47871448ee6776becb2052,
        type: 3}
      propertyPath: m_LocalRotation.w
      value: 1
      objectReference: {fileID: 0}
    - target: {fileID: 6736600120670809587, guid: 7535b8225e47871448ee6776becb2052,
        type: 3}
      propertyPath: m_RootOrder
      value: 6
      objectReference: {fileID: 0}
    - target: {fileID: 6736600120670809587, guid: 7535b8225e47871448ee6776becb2052,
        type: 3}
      propertyPath: m_LocalEulerAnglesHint.x
      value: 0
      objectReference: {fileID: 0}
    - target: {fileID: 6736600120670809587, guid: 7535b8225e47871448ee6776becb2052,
        type: 3}
      propertyPath: m_LocalEulerAnglesHint.y
      value: 0
      objectReference: {fileID: 0}
    - target: {fileID: 6736600120670809587, guid: 7535b8225e47871448ee6776becb2052,
        type: 3}
      propertyPath: m_LocalEulerAnglesHint.z
      value: 0
      objectReference: {fileID: 0}
    m_RemovedComponents: []
  m_SourcePrefab: {fileID: 100100000, guid: 7535b8225e47871448ee6776becb2052, type: 3}
--- !u!4 &4312767449060109691 stripped
Transform:
  m_CorrespondingSourceObject: {fileID: 6736600120670809587, guid: 7535b8225e47871448ee6776becb2052,
    type: 3}
  m_PrefabInstance: {fileID: 4312767449060109690}
  m_PrefabAsset: {fileID: 0}
--- !u!1001 &4970413145006072350
PrefabInstance:
  m_ObjectHideFlags: 0
  serializedVersion: 2
  m_Modification:
    m_TransformParent: {fileID: 1192830001410363384}
    m_Modifications:
    - target: {fileID: 7463540126295968469, guid: 14c24462e5920174da1ed0d73834f129,
        type: 3}
      propertyPath: m_Name
      value: trackPiece_X0Y0Z0 End
      objectReference: {fileID: 0}
    - target: {fileID: 7463540126295611125, guid: 14c24462e5920174da1ed0d73834f129,
        type: 3}
      propertyPath: m_LocalPosition.x
      value: 0
      objectReference: {fileID: 0}
    - target: {fileID: 7463540126295611125, guid: 14c24462e5920174da1ed0d73834f129,
        type: 3}
      propertyPath: m_LocalPosition.y
      value: 0
      objectReference: {fileID: 0}
    - target: {fileID: 7463540126295611125, guid: 14c24462e5920174da1ed0d73834f129,
        type: 3}
      propertyPath: m_LocalPosition.z
      value: 0
      objectReference: {fileID: 0}
    - target: {fileID: 7463540126295611125, guid: 14c24462e5920174da1ed0d73834f129,
        type: 3}
      propertyPath: m_LocalRotation.x
      value: -0
      objectReference: {fileID: 0}
    - target: {fileID: 7463540126295611125, guid: 14c24462e5920174da1ed0d73834f129,
        type: 3}
      propertyPath: m_LocalRotation.y
      value: -0
      objectReference: {fileID: 0}
    - target: {fileID: 7463540126295611125, guid: 14c24462e5920174da1ed0d73834f129,
        type: 3}
      propertyPath: m_LocalRotation.z
      value: -0
      objectReference: {fileID: 0}
    - target: {fileID: 7463540126295611125, guid: 14c24462e5920174da1ed0d73834f129,
        type: 3}
      propertyPath: m_LocalRotation.w
      value: 1
      objectReference: {fileID: 0}
    - target: {fileID: 7463540126295611125, guid: 14c24462e5920174da1ed0d73834f129,
        type: 3}
      propertyPath: m_RootOrder
      value: 9
      objectReference: {fileID: 0}
    - target: {fileID: 7463540126295611125, guid: 14c24462e5920174da1ed0d73834f129,
        type: 3}
      propertyPath: m_LocalEulerAnglesHint.x
      value: 0
      objectReference: {fileID: 0}
    - target: {fileID: 7463540126295611125, guid: 14c24462e5920174da1ed0d73834f129,
        type: 3}
      propertyPath: m_LocalEulerAnglesHint.y
      value: 0
      objectReference: {fileID: 0}
    - target: {fileID: 7463540126295611125, guid: 14c24462e5920174da1ed0d73834f129,
        type: 3}
      propertyPath: m_LocalEulerAnglesHint.z
      value: 0
      objectReference: {fileID: 0}
    m_RemovedComponents: []
  m_SourcePrefab: {fileID: 100100000, guid: 14c24462e5920174da1ed0d73834f129, type: 3}
--- !u!4 &4970413145006072351 stripped
Transform:
  m_CorrespondingSourceObject: {fileID: 7463540126295611125, guid: 14c24462e5920174da1ed0d73834f129,
    type: 3}
  m_PrefabInstance: {fileID: 4970413145006072350}
  m_PrefabAsset: {fileID: 0}
--- !u!1001 &5046510785013678828
PrefabInstance:
  m_ObjectHideFlags: 0
  serializedVersion: 2
  m_Modification:
    m_TransformParent: {fileID: 1192830001410363384}
    m_Modifications:
    - target: {fileID: 289933199743394038, guid: 662e12b3700a20c429c502f51bdc9d13,
        type: 3}
      propertyPath: m_Name
      value: trackPiece_X0Y0Z0
      objectReference: {fileID: 0}
    - target: {fileID: 289933199743368406, guid: 662e12b3700a20c429c502f51bdc9d13,
        type: 3}
      propertyPath: m_LocalPosition.x
      value: 0
      objectReference: {fileID: 0}
    - target: {fileID: 289933199743368406, guid: 662e12b3700a20c429c502f51bdc9d13,
        type: 3}
      propertyPath: m_LocalPosition.y
      value: 0
      objectReference: {fileID: 0}
    - target: {fileID: 289933199743368406, guid: 662e12b3700a20c429c502f51bdc9d13,
        type: 3}
      propertyPath: m_LocalPosition.z
      value: 0
      objectReference: {fileID: 0}
    - target: {fileID: 289933199743368406, guid: 662e12b3700a20c429c502f51bdc9d13,
        type: 3}
      propertyPath: m_LocalRotation.x
      value: -0
      objectReference: {fileID: 0}
    - target: {fileID: 289933199743368406, guid: 662e12b3700a20c429c502f51bdc9d13,
        type: 3}
      propertyPath: m_LocalRotation.y
      value: -0
      objectReference: {fileID: 0}
    - target: {fileID: 289933199743368406, guid: 662e12b3700a20c429c502f51bdc9d13,
        type: 3}
      propertyPath: m_LocalRotation.z
      value: -0
      objectReference: {fileID: 0}
    - target: {fileID: 289933199743368406, guid: 662e12b3700a20c429c502f51bdc9d13,
        type: 3}
      propertyPath: m_LocalRotation.w
      value: 1
      objectReference: {fileID: 0}
    - target: {fileID: 289933199743368406, guid: 662e12b3700a20c429c502f51bdc9d13,
        type: 3}
      propertyPath: m_RootOrder
      value: 8
      objectReference: {fileID: 0}
    - target: {fileID: 289933199743368406, guid: 662e12b3700a20c429c502f51bdc9d13,
        type: 3}
      propertyPath: m_LocalEulerAnglesHint.x
      value: 0
      objectReference: {fileID: 0}
    - target: {fileID: 289933199743368406, guid: 662e12b3700a20c429c502f51bdc9d13,
        type: 3}
      propertyPath: m_LocalEulerAnglesHint.y
      value: 0
      objectReference: {fileID: 0}
    - target: {fileID: 289933199743368406, guid: 662e12b3700a20c429c502f51bdc9d13,
        type: 3}
      propertyPath: m_LocalEulerAnglesHint.z
      value: 0
      objectReference: {fileID: 0}
    m_RemovedComponents: []
  m_SourcePrefab: {fileID: 100100000, guid: 662e12b3700a20c429c502f51bdc9d13, type: 3}
--- !u!4 &5046510785013678829 stripped
Transform:
  m_CorrespondingSourceObject: {fileID: 289933199743368406, guid: 662e12b3700a20c429c502f51bdc9d13,
    type: 3}
  m_PrefabInstance: {fileID: 5046510785013678828}
  m_PrefabAsset: {fileID: 0}
--- !u!1001 &5067107280635205595
PrefabInstance:
  m_ObjectHideFlags: 0
  serializedVersion: 2
  m_Modification:
    m_TransformParent: {fileID: 1192830001410363384}
    m_Modifications:
    - target: {fileID: 1632230867842741056, guid: 622eecb5433fdd94ea3b029481a54ef1,
        type: 3}
      propertyPath: m_Name
      value: trackPiece_X0Y0Z-45 Variant
      objectReference: {fileID: 0}
    - target: {fileID: 1632230867843034976, guid: 622eecb5433fdd94ea3b029481a54ef1,
        type: 3}
      propertyPath: m_LocalPosition.x
      value: 0
      objectReference: {fileID: 0}
    - target: {fileID: 1632230867843034976, guid: 622eecb5433fdd94ea3b029481a54ef1,
        type: 3}
      propertyPath: m_LocalPosition.y
      value: 0
      objectReference: {fileID: 0}
    - target: {fileID: 1632230867843034976, guid: 622eecb5433fdd94ea3b029481a54ef1,
        type: 3}
      propertyPath: m_LocalPosition.z
      value: 0
      objectReference: {fileID: 0}
    - target: {fileID: 1632230867843034976, guid: 622eecb5433fdd94ea3b029481a54ef1,
        type: 3}
      propertyPath: m_LocalRotation.x
      value: -0
      objectReference: {fileID: 0}
    - target: {fileID: 1632230867843034976, guid: 622eecb5433fdd94ea3b029481a54ef1,
        type: 3}
      propertyPath: m_LocalRotation.y
      value: -0
      objectReference: {fileID: 0}
    - target: {fileID: 1632230867843034976, guid: 622eecb5433fdd94ea3b029481a54ef1,
        type: 3}
      propertyPath: m_LocalRotation.z
      value: -0
      objectReference: {fileID: 0}
    - target: {fileID: 1632230867843034976, guid: 622eecb5433fdd94ea3b029481a54ef1,
        type: 3}
      propertyPath: m_LocalRotation.w
      value: 1
      objectReference: {fileID: 0}
    - target: {fileID: 1632230867843034976, guid: 622eecb5433fdd94ea3b029481a54ef1,
        type: 3}
      propertyPath: m_RootOrder
      value: 5
      objectReference: {fileID: 0}
    - target: {fileID: 1632230867843034976, guid: 622eecb5433fdd94ea3b029481a54ef1,
        type: 3}
      propertyPath: m_LocalEulerAnglesHint.x
      value: 0
      objectReference: {fileID: 0}
    - target: {fileID: 1632230867843034976, guid: 622eecb5433fdd94ea3b029481a54ef1,
        type: 3}
      propertyPath: m_LocalEulerAnglesHint.y
      value: 0
      objectReference: {fileID: 0}
    - target: {fileID: 1632230867843034976, guid: 622eecb5433fdd94ea3b029481a54ef1,
        type: 3}
      propertyPath: m_LocalEulerAnglesHint.z
      value: 0
      objectReference: {fileID: 0}
    m_RemovedComponents: []
  m_SourcePrefab: {fileID: 100100000, guid: 622eecb5433fdd94ea3b029481a54ef1, type: 3}
--- !u!4 &5067107280635205596 stripped
Transform:
  m_CorrespondingSourceObject: {fileID: 1632230867843034976, guid: 622eecb5433fdd94ea3b029481a54ef1,
    type: 3}
  m_PrefabInstance: {fileID: 5067107280635205595}
  m_PrefabAsset: {fileID: 0}
--- !u!1001 &5215843456049505709
PrefabInstance:
  m_ObjectHideFlags: 0
  serializedVersion: 2
  m_Modification:
    m_TransformParent: {fileID: 1192830001410363384}
    m_Modifications:
    - target: {fileID: 1549298455816430968, guid: 955ca83d9ce3fc84eb01b11496f12628,
        type: 3}
      propertyPath: m_Name
      value: trackPiece_X-45Y0Z0 Variant
      objectReference: {fileID: 0}
    - target: {fileID: 1549298455815944536, guid: 955ca83d9ce3fc84eb01b11496f12628,
        type: 3}
      propertyPath: m_LocalPosition.x
      value: 0
      objectReference: {fileID: 0}
    - target: {fileID: 1549298455815944536, guid: 955ca83d9ce3fc84eb01b11496f12628,
        type: 3}
      propertyPath: m_LocalPosition.y
      value: 0
      objectReference: {fileID: 0}
    - target: {fileID: 1549298455815944536, guid: 955ca83d9ce3fc84eb01b11496f12628,
        type: 3}
      propertyPath: m_LocalPosition.z
      value: 0
      objectReference: {fileID: 0}
    - target: {fileID: 1549298455815944536, guid: 955ca83d9ce3fc84eb01b11496f12628,
        type: 3}
      propertyPath: m_LocalRotation.x
      value: -0
      objectReference: {fileID: 0}
    - target: {fileID: 1549298455815944536, guid: 955ca83d9ce3fc84eb01b11496f12628,
        type: 3}
      propertyPath: m_LocalRotation.y
      value: -0
      objectReference: {fileID: 0}
    - target: {fileID: 1549298455815944536, guid: 955ca83d9ce3fc84eb01b11496f12628,
        type: 3}
      propertyPath: m_LocalRotation.z
      value: -0
      objectReference: {fileID: 0}
    - target: {fileID: 1549298455815944536, guid: 955ca83d9ce3fc84eb01b11496f12628,
        type: 3}
      propertyPath: m_LocalRotation.w
      value: 1
      objectReference: {fileID: 0}
    - target: {fileID: 1549298455815944536, guid: 955ca83d9ce3fc84eb01b11496f12628,
        type: 3}
      propertyPath: m_RootOrder
      value: 0
      objectReference: {fileID: 0}
    - target: {fileID: 1549298455815944536, guid: 955ca83d9ce3fc84eb01b11496f12628,
        type: 3}
      propertyPath: m_LocalEulerAnglesHint.x
      value: 0
      objectReference: {fileID: 0}
    - target: {fileID: 1549298455815944536, guid: 955ca83d9ce3fc84eb01b11496f12628,
        type: 3}
      propertyPath: m_LocalEulerAnglesHint.y
      value: 0
      objectReference: {fileID: 0}
    - target: {fileID: 1549298455815944536, guid: 955ca83d9ce3fc84eb01b11496f12628,
        type: 3}
      propertyPath: m_LocalEulerAnglesHint.z
      value: 0
      objectReference: {fileID: 0}
    m_RemovedComponents: []
  m_SourcePrefab: {fileID: 100100000, guid: 955ca83d9ce3fc84eb01b11496f12628, type: 3}
--- !u!4 &5215843456049505710 stripped
Transform:
  m_CorrespondingSourceObject: {fileID: 1549298455815944536, guid: 955ca83d9ce3fc84eb01b11496f12628,
    type: 3}
  m_PrefabInstance: {fileID: 5215843456049505709}
  m_PrefabAsset: {fileID: 0}
--- !u!1001 &5313338942808916358
PrefabInstance:
  m_ObjectHideFlags: 0
  serializedVersion: 2
  m_Modification:
    m_TransformParent: {fileID: 1192830001410363384}
    m_Modifications:
    - target: {fileID: 4953323596834737465, guid: dfa14a4020f1e56489daf5a938a92e6c,
        type: 3}
      propertyPath: m_Name
      value: trackPiece_X0Y-90Z0 Variant
      objectReference: {fileID: 0}
    - target: {fileID: 4953323596834574617, guid: dfa14a4020f1e56489daf5a938a92e6c,
        type: 3}
      propertyPath: m_LocalPosition.x
      value: 0
      objectReference: {fileID: 0}
    - target: {fileID: 4953323596834574617, guid: dfa14a4020f1e56489daf5a938a92e6c,
        type: 3}
      propertyPath: m_LocalPosition.y
      value: 0
      objectReference: {fileID: 0}
    - target: {fileID: 4953323596834574617, guid: dfa14a4020f1e56489daf5a938a92e6c,
        type: 3}
      propertyPath: m_LocalPosition.z
      value: 0
      objectReference: {fileID: 0}
    - target: {fileID: 4953323596834574617, guid: dfa14a4020f1e56489daf5a938a92e6c,
        type: 3}
      propertyPath: m_LocalRotation.x
      value: -0
      objectReference: {fileID: 0}
    - target: {fileID: 4953323596834574617, guid: dfa14a4020f1e56489daf5a938a92e6c,
        type: 3}
      propertyPath: m_LocalRotation.y
      value: -0
      objectReference: {fileID: 0}
    - target: {fileID: 4953323596834574617, guid: dfa14a4020f1e56489daf5a938a92e6c,
        type: 3}
      propertyPath: m_LocalRotation.z
      value: -0
      objectReference: {fileID: 0}
    - target: {fileID: 4953323596834574617, guid: dfa14a4020f1e56489daf5a938a92e6c,
        type: 3}
      propertyPath: m_LocalRotation.w
      value: 1
      objectReference: {fileID: 0}
    - target: {fileID: 4953323596834574617, guid: dfa14a4020f1e56489daf5a938a92e6c,
        type: 3}
      propertyPath: m_RootOrder
      value: 4
      objectReference: {fileID: 0}
    - target: {fileID: 4953323596834574617, guid: dfa14a4020f1e56489daf5a938a92e6c,
        type: 3}
      propertyPath: m_LocalEulerAnglesHint.x
      value: 0
      objectReference: {fileID: 0}
    - target: {fileID: 4953323596834574617, guid: dfa14a4020f1e56489daf5a938a92e6c,
        type: 3}
      propertyPath: m_LocalEulerAnglesHint.y
      value: 0
      objectReference: {fileID: 0}
    - target: {fileID: 4953323596834574617, guid: dfa14a4020f1e56489daf5a938a92e6c,
        type: 3}
      propertyPath: m_LocalEulerAnglesHint.z
      value: 0
      objectReference: {fileID: 0}
    m_RemovedComponents: []
  m_SourcePrefab: {fileID: 100100000, guid: dfa14a4020f1e56489daf5a938a92e6c, type: 3}
--- !u!4 &5313338942808916359 stripped
Transform:
  m_CorrespondingSourceObject: {fileID: 4953323596834574617, guid: dfa14a4020f1e56489daf5a938a92e6c,
    type: 3}
  m_PrefabInstance: {fileID: 5313338942808916358}
  m_PrefabAsset: {fileID: 0}
--- !u!1001 &6481373864341279134
PrefabInstance:
  m_ObjectHideFlags: 0
  serializedVersion: 2
  m_Modification:
    m_TransformParent: {fileID: 1192830001410363384}
    m_Modifications:
    - target: {fileID: 4840236012327869159, guid: 0ea06997e8b76264b920eab9f28954ff,
        type: 3}
      propertyPath: m_Name
      value: trackPiece_X-90Y0Z0 Variant
      objectReference: {fileID: 0}
    - target: {fileID: 4840236012327962311, guid: 0ea06997e8b76264b920eab9f28954ff,
        type: 3}
      propertyPath: m_LocalPosition.x
      value: 0
      objectReference: {fileID: 0}
    - target: {fileID: 4840236012327962311, guid: 0ea06997e8b76264b920eab9f28954ff,
        type: 3}
      propertyPath: m_LocalPosition.y
      value: 0
      objectReference: {fileID: 0}
    - target: {fileID: 4840236012327962311, guid: 0ea06997e8b76264b920eab9f28954ff,
        type: 3}
      propertyPath: m_LocalPosition.z
      value: 0
      objectReference: {fileID: 0}
    - target: {fileID: 4840236012327962311, guid: 0ea06997e8b76264b920eab9f28954ff,
        type: 3}
      propertyPath: m_LocalRotation.x
      value: -0
      objectReference: {fileID: 0}
    - target: {fileID: 4840236012327962311, guid: 0ea06997e8b76264b920eab9f28954ff,
        type: 3}
      propertyPath: m_LocalRotation.y
      value: -0
      objectReference: {fileID: 0}
    - target: {fileID: 4840236012327962311, guid: 0ea06997e8b76264b920eab9f28954ff,
        type: 3}
      propertyPath: m_LocalRotation.z
      value: -0
      objectReference: {fileID: 0}
    - target: {fileID: 4840236012327962311, guid: 0ea06997e8b76264b920eab9f28954ff,
        type: 3}
      propertyPath: m_LocalRotation.w
      value: 1
      objectReference: {fileID: 0}
    - target: {fileID: 4840236012327962311, guid: 0ea06997e8b76264b920eab9f28954ff,
        type: 3}
      propertyPath: m_RootOrder
      value: 1
      objectReference: {fileID: 0}
    - target: {fileID: 4840236012327962311, guid: 0ea06997e8b76264b920eab9f28954ff,
        type: 3}
      propertyPath: m_LocalEulerAnglesHint.x
      value: 0
      objectReference: {fileID: 0}
    - target: {fileID: 4840236012327962311, guid: 0ea06997e8b76264b920eab9f28954ff,
        type: 3}
      propertyPath: m_LocalEulerAnglesHint.y
      value: 0
      objectReference: {fileID: 0}
    - target: {fileID: 4840236012327962311, guid: 0ea06997e8b76264b920eab9f28954ff,
        type: 3}
      propertyPath: m_LocalEulerAnglesHint.z
      value: 0
      objectReference: {fileID: 0}
    m_RemovedComponents: []
  m_SourcePrefab: {fileID: 100100000, guid: 0ea06997e8b76264b920eab9f28954ff, type: 3}
--- !u!4 &6481373864341279135 stripped
Transform:
  m_CorrespondingSourceObject: {fileID: 4840236012327962311, guid: 0ea06997e8b76264b920eab9f28954ff,
    type: 3}
  m_PrefabInstance: {fileID: 6481373864341279134}
  m_PrefabAsset: {fileID: 0}
--- !u!1001 &6489158378508985149
PrefabInstance:
  m_ObjectHideFlags: 0
  serializedVersion: 2
  m_Modification:
    m_TransformParent: {fileID: 1192830001410363384}
    m_Modifications:
    - target: {fileID: 5005823528140506168, guid: fb27a5bf18d868349bf80582a17f10bc,
        type: 3}
      propertyPath: m_Name
      value: trackPiece_X0Y45Z0 Variant
      objectReference: {fileID: 0}
    - target: {fileID: 5005823528140544024, guid: fb27a5bf18d868349bf80582a17f10bc,
        type: 3}
      propertyPath: m_LocalPosition.x
      value: 0
      objectReference: {fileID: 0}
    - target: {fileID: 5005823528140544024, guid: fb27a5bf18d868349bf80582a17f10bc,
        type: 3}
      propertyPath: m_LocalPosition.y
      value: 0
      objectReference: {fileID: 0}
    - target: {fileID: 5005823528140544024, guid: fb27a5bf18d868349bf80582a17f10bc,
        type: 3}
      propertyPath: m_LocalPosition.z
      value: 0
      objectReference: {fileID: 0}
    - target: {fileID: 5005823528140544024, guid: fb27a5bf18d868349bf80582a17f10bc,
        type: 3}
      propertyPath: m_LocalRotation.x
      value: -0
      objectReference: {fileID: 0}
    - target: {fileID: 5005823528140544024, guid: fb27a5bf18d868349bf80582a17f10bc,
        type: 3}
      propertyPath: m_LocalRotation.y
      value: -0
      objectReference: {fileID: 0}
    - target: {fileID: 5005823528140544024, guid: fb27a5bf18d868349bf80582a17f10bc,
        type: 3}
      propertyPath: m_LocalRotation.z
      value: -0
      objectReference: {fileID: 0}
    - target: {fileID: 5005823528140544024, guid: fb27a5bf18d868349bf80582a17f10bc,
        type: 3}
      propertyPath: m_LocalRotation.w
      value: 1
      objectReference: {fileID: 0}
    - target: {fileID: 5005823528140544024, guid: fb27a5bf18d868349bf80582a17f10bc,
        type: 3}
      propertyPath: m_RootOrder
      value: 15
      objectReference: {fileID: 0}
    - target: {fileID: 5005823528140544024, guid: fb27a5bf18d868349bf80582a17f10bc,
        type: 3}
      propertyPath: m_LocalEulerAnglesHint.x
      value: 0
      objectReference: {fileID: 0}
    - target: {fileID: 5005823528140544024, guid: fb27a5bf18d868349bf80582a17f10bc,
        type: 3}
      propertyPath: m_LocalEulerAnglesHint.y
      value: 0
      objectReference: {fileID: 0}
    - target: {fileID: 5005823528140544024, guid: fb27a5bf18d868349bf80582a17f10bc,
        type: 3}
      propertyPath: m_LocalEulerAnglesHint.z
      value: 0
      objectReference: {fileID: 0}
    m_RemovedComponents: []
  m_SourcePrefab: {fileID: 100100000, guid: fb27a5bf18d868349bf80582a17f10bc, type: 3}
--- !u!4 &6489158378508985150 stripped
Transform:
  m_CorrespondingSourceObject: {fileID: 5005823528140544024, guid: fb27a5bf18d868349bf80582a17f10bc,
    type: 3}
  m_PrefabInstance: {fileID: 6489158378508985149}
  m_PrefabAsset: {fileID: 0}
--- !u!1001 &6645293120484192284
PrefabInstance:
  m_ObjectHideFlags: 0
  serializedVersion: 2
  m_Modification:
    m_TransformParent: {fileID: 1192830001410363384}
    m_Modifications:
    - target: {fileID: 8766847802306247163, guid: ba6d3291a7752ee46a66b5469fa87800,
        type: 3}
      propertyPath: m_Name
      value: trackPiece_X0Y90Z0 Variant
      objectReference: {fileID: 0}
    - target: {fileID: 8766847802306667995, guid: ba6d3291a7752ee46a66b5469fa87800,
        type: 3}
      propertyPath: m_LocalPosition.x
      value: 0
      objectReference: {fileID: 0}
    - target: {fileID: 8766847802306667995, guid: ba6d3291a7752ee46a66b5469fa87800,
        type: 3}
      propertyPath: m_LocalPosition.y
      value: 0
      objectReference: {fileID: 0}
    - target: {fileID: 8766847802306667995, guid: ba6d3291a7752ee46a66b5469fa87800,
        type: 3}
      propertyPath: m_LocalPosition.z
      value: 0
      objectReference: {fileID: 0}
    - target: {fileID: 8766847802306667995, guid: ba6d3291a7752ee46a66b5469fa87800,
        type: 3}
      propertyPath: m_LocalRotation.x
      value: -0
      objectReference: {fileID: 0}
    - target: {fileID: 8766847802306667995, guid: ba6d3291a7752ee46a66b5469fa87800,
        type: 3}
      propertyPath: m_LocalRotation.y
      value: -0
      objectReference: {fileID: 0}
    - target: {fileID: 8766847802306667995, guid: ba6d3291a7752ee46a66b5469fa87800,
        type: 3}
      propertyPath: m_LocalRotation.z
      value: -0
      objectReference: {fileID: 0}
    - target: {fileID: 8766847802306667995, guid: ba6d3291a7752ee46a66b5469fa87800,
        type: 3}
      propertyPath: m_LocalRotation.w
      value: 1
      objectReference: {fileID: 0}
    - target: {fileID: 8766847802306667995, guid: ba6d3291a7752ee46a66b5469fa87800,
        type: 3}
      propertyPath: m_RootOrder
      value: 16
      objectReference: {fileID: 0}
    - target: {fileID: 8766847802306667995, guid: ba6d3291a7752ee46a66b5469fa87800,
        type: 3}
      propertyPath: m_LocalEulerAnglesHint.x
      value: 0
      objectReference: {fileID: 0}
    - target: {fileID: 8766847802306667995, guid: ba6d3291a7752ee46a66b5469fa87800,
        type: 3}
      propertyPath: m_LocalEulerAnglesHint.y
      value: 0
      objectReference: {fileID: 0}
    - target: {fileID: 8766847802306667995, guid: ba6d3291a7752ee46a66b5469fa87800,
        type: 3}
      propertyPath: m_LocalEulerAnglesHint.z
      value: 0
      objectReference: {fileID: 0}
    m_RemovedComponents: []
  m_SourcePrefab: {fileID: 100100000, guid: ba6d3291a7752ee46a66b5469fa87800, type: 3}
--- !u!4 &6645293120484192285 stripped
Transform:
  m_CorrespondingSourceObject: {fileID: 8766847802306667995, guid: ba6d3291a7752ee46a66b5469fa87800,
    type: 3}
  m_PrefabInstance: {fileID: 6645293120484192284}
  m_PrefabAsset: {fileID: 0}
--- !u!1001 &6749579512796006687
PrefabInstance:
  m_ObjectHideFlags: 0
  serializedVersion: 2
  m_Modification:
    m_TransformParent: {fileID: 1192830001410363384}
    m_Modifications:
    - target: {fileID: 6734219170423963020, guid: 50b0ee1318bdada438328c5d94216651,
        type: 3}
      propertyPath: m_Name
      value: trackPiece_X90Y0Z0 Variant
      objectReference: {fileID: 0}
    - target: {fileID: 6734219170423595436, guid: 50b0ee1318bdada438328c5d94216651,
        type: 3}
      propertyPath: m_LocalPosition.x
      value: 0
      objectReference: {fileID: 0}
    - target: {fileID: 6734219170423595436, guid: 50b0ee1318bdada438328c5d94216651,
        type: 3}
      propertyPath: m_LocalPosition.y
      value: 0
      objectReference: {fileID: 0}
    - target: {fileID: 6734219170423595436, guid: 50b0ee1318bdada438328c5d94216651,
        type: 3}
      propertyPath: m_LocalPosition.z
      value: 0
      objectReference: {fileID: 0}
    - target: {fileID: 6734219170423595436, guid: 50b0ee1318bdada438328c5d94216651,
        type: 3}
      propertyPath: m_LocalRotation.x
      value: -0
      objectReference: {fileID: 0}
    - target: {fileID: 6734219170423595436, guid: 50b0ee1318bdada438328c5d94216651,
        type: 3}
      propertyPath: m_LocalRotation.y
      value: -0
      objectReference: {fileID: 0}
    - target: {fileID: 6734219170423595436, guid: 50b0ee1318bdada438328c5d94216651,
        type: 3}
      propertyPath: m_LocalRotation.z
      value: -0
      objectReference: {fileID: 0}
    - target: {fileID: 6734219170423595436, guid: 50b0ee1318bdada438328c5d94216651,
        type: 3}
      propertyPath: m_LocalRotation.w
      value: 1
      objectReference: {fileID: 0}
    - target: {fileID: 6734219170423595436, guid: 50b0ee1318bdada438328c5d94216651,
        type: 3}
      propertyPath: m_RootOrder
      value: 19
      objectReference: {fileID: 0}
    - target: {fileID: 6734219170423595436, guid: 50b0ee1318bdada438328c5d94216651,
        type: 3}
      propertyPath: m_LocalEulerAnglesHint.x
      value: 0
      objectReference: {fileID: 0}
    - target: {fileID: 6734219170423595436, guid: 50b0ee1318bdada438328c5d94216651,
        type: 3}
      propertyPath: m_LocalEulerAnglesHint.y
      value: 0
      objectReference: {fileID: 0}
    - target: {fileID: 6734219170423595436, guid: 50b0ee1318bdada438328c5d94216651,
        type: 3}
      propertyPath: m_LocalEulerAnglesHint.z
      value: 0
      objectReference: {fileID: 0}
    m_RemovedComponents: []
  m_SourcePrefab: {fileID: 100100000, guid: 50b0ee1318bdada438328c5d94216651, type: 3}
--- !u!4 &6749579512796006688 stripped
Transform:
  m_CorrespondingSourceObject: {fileID: 6734219170423595436, guid: 50b0ee1318bdada438328c5d94216651,
    type: 3}
  m_PrefabInstance: {fileID: 6749579512796006687}
  m_PrefabAsset: {fileID: 0}
--- !u!1001 &7125162180166654920
PrefabInstance:
  m_ObjectHideFlags: 0
  serializedVersion: 2
  m_Modification:
    m_TransformParent: {fileID: 1192830001410363384}
    m_Modifications:
    - target: {fileID: 2342109726367108926, guid: 9fc9cf3d55425df4ab9d6532aa64cc48,
        type: 3}
      propertyPath: m_Name
      value: trackPiece_X22.5Y0Z0 Variant
      objectReference: {fileID: 0}
    - target: {fileID: 2342109726367470366, guid: 9fc9cf3d55425df4ab9d6532aa64cc48,
        type: 3}
      propertyPath: m_LocalPosition.x
      value: 0
      objectReference: {fileID: 0}
    - target: {fileID: 2342109726367470366, guid: 9fc9cf3d55425df4ab9d6532aa64cc48,
        type: 3}
      propertyPath: m_LocalPosition.y
      value: 0
      objectReference: {fileID: 0}
    - target: {fileID: 2342109726367470366, guid: 9fc9cf3d55425df4ab9d6532aa64cc48,
        type: 3}
      propertyPath: m_LocalPosition.z
      value: 0
      objectReference: {fileID: 0}
    - target: {fileID: 2342109726367470366, guid: 9fc9cf3d55425df4ab9d6532aa64cc48,
        type: 3}
      propertyPath: m_LocalRotation.x
      value: -0
      objectReference: {fileID: 0}
    - target: {fileID: 2342109726367470366, guid: 9fc9cf3d55425df4ab9d6532aa64cc48,
        type: 3}
      propertyPath: m_LocalRotation.y
      value: -0
      objectReference: {fileID: 0}
    - target: {fileID: 2342109726367470366, guid: 9fc9cf3d55425df4ab9d6532aa64cc48,
        type: 3}
      propertyPath: m_LocalRotation.z
      value: -0
      objectReference: {fileID: 0}
    - target: {fileID: 2342109726367470366, guid: 9fc9cf3d55425df4ab9d6532aa64cc48,
        type: 3}
      propertyPath: m_LocalRotation.w
      value: 1
      objectReference: {fileID: 0}
    - target: {fileID: 2342109726367470366, guid: 9fc9cf3d55425df4ab9d6532aa64cc48,
        type: 3}
      propertyPath: m_RootOrder
      value: 17
      objectReference: {fileID: 0}
    - target: {fileID: 2342109726367470366, guid: 9fc9cf3d55425df4ab9d6532aa64cc48,
        type: 3}
      propertyPath: m_LocalEulerAnglesHint.x
      value: 0
      objectReference: {fileID: 0}
    - target: {fileID: 2342109726367470366, guid: 9fc9cf3d55425df4ab9d6532aa64cc48,
        type: 3}
      propertyPath: m_LocalEulerAnglesHint.y
      value: 0
      objectReference: {fileID: 0}
    - target: {fileID: 2342109726367470366, guid: 9fc9cf3d55425df4ab9d6532aa64cc48,
        type: 3}
      propertyPath: m_LocalEulerAnglesHint.z
      value: 0
      objectReference: {fileID: 0}
    m_RemovedComponents: []
  m_SourcePrefab: {fileID: 100100000, guid: 9fc9cf3d55425df4ab9d6532aa64cc48, type: 3}
--- !u!4 &7125162180166654921 stripped
Transform:
  m_CorrespondingSourceObject: {fileID: 2342109726367470366, guid: 9fc9cf3d55425df4ab9d6532aa64cc48,
    type: 3}
  m_PrefabInstance: {fileID: 7125162180166654920}
  m_PrefabAsset: {fileID: 0}
--- !u!1001 &8354755974456553415
PrefabInstance:
  m_ObjectHideFlags: 0
  serializedVersion: 2
  m_Modification:
    m_TransformParent: {fileID: 1192830001410363384}
    m_Modifications:
    - target: {fileID: 3197701378032453537, guid: 43d126abcdfd66a4fa1021db25bae3d1,
        type: 3}
      propertyPath: m_Name
      value: trackPiece_X0Y0Z90 Variant
      objectReference: {fileID: 0}
    - target: {fileID: 3197701378032098177, guid: 43d126abcdfd66a4fa1021db25bae3d1,
        type: 3}
      propertyPath: m_LocalPosition.x
      value: 0
      objectReference: {fileID: 0}
    - target: {fileID: 3197701378032098177, guid: 43d126abcdfd66a4fa1021db25bae3d1,
        type: 3}
      propertyPath: m_LocalPosition.y
      value: 0
      objectReference: {fileID: 0}
    - target: {fileID: 3197701378032098177, guid: 43d126abcdfd66a4fa1021db25bae3d1,
        type: 3}
      propertyPath: m_LocalPosition.z
      value: 0
      objectReference: {fileID: 0}
    - target: {fileID: 3197701378032098177, guid: 43d126abcdfd66a4fa1021db25bae3d1,
        type: 3}
      propertyPath: m_LocalRotation.x
      value: -0
      objectReference: {fileID: 0}
    - target: {fileID: 3197701378032098177, guid: 43d126abcdfd66a4fa1021db25bae3d1,
        type: 3}
      propertyPath: m_LocalRotation.y
      value: -0
      objectReference: {fileID: 0}
    - target: {fileID: 3197701378032098177, guid: 43d126abcdfd66a4fa1021db25bae3d1,
        type: 3}
      propertyPath: m_LocalRotation.z
      value: -0
      objectReference: {fileID: 0}
    - target: {fileID: 3197701378032098177, guid: 43d126abcdfd66a4fa1021db25bae3d1,
        type: 3}
      propertyPath: m_LocalRotation.w
      value: 1
      objectReference: {fileID: 0}
    - target: {fileID: 3197701378032098177, guid: 43d126abcdfd66a4fa1021db25bae3d1,
        type: 3}
      propertyPath: m_RootOrder
      value: 12
      objectReference: {fileID: 0}
    - target: {fileID: 3197701378032098177, guid: 43d126abcdfd66a4fa1021db25bae3d1,
        type: 3}
      propertyPath: m_LocalEulerAnglesHint.x
      value: 0
      objectReference: {fileID: 0}
    - target: {fileID: 3197701378032098177, guid: 43d126abcdfd66a4fa1021db25bae3d1,
        type: 3}
      propertyPath: m_LocalEulerAnglesHint.y
      value: 0
      objectReference: {fileID: 0}
    - target: {fileID: 3197701378032098177, guid: 43d126abcdfd66a4fa1021db25bae3d1,
        type: 3}
      propertyPath: m_LocalEulerAnglesHint.z
      value: 0
      objectReference: {fileID: 0}
    m_RemovedComponents: []
  m_SourcePrefab: {fileID: 100100000, guid: 43d126abcdfd66a4fa1021db25bae3d1, type: 3}
--- !u!4 &8354755974456553416 stripped
Transform:
  m_CorrespondingSourceObject: {fileID: 3197701378032098177, guid: 43d126abcdfd66a4fa1021db25bae3d1,
    type: 3}
  m_PrefabInstance: {fileID: 8354755974456553415}
  m_PrefabAsset: {fileID: 0}
